@article{wang2021intensityslam,
  author = {Wang, Han and Wang, Chen and Xie, Lihua},
  journal = {IEEE Robotics and Automation Letters},
  keywords = {slam,journal},
  number = {2},
  pages = {1715--1721},
  title = {{Intensity-SLAM: Intensity Assisted Localization and Mapping for Large Scale Environment}},
  volume = {6},
  year = {2021},
}

@inproceedings{geiger2012kitti,
  author = {Geiger, Andreas and Lenz, Philip and Urtasun, Raquel},
  booktitle = {{2012 IEEE Conference on Computer Vision and Pattern Recognition}},
  keywords = {conference},
  pages = {3354--3361},
  title = {{Are we ready for autonomous driving? The KITTI vision benchmark suite}},
  year = {2012},
}

@article{su2020grloam,
  author = {Su, Yun and Wang, Ting and Shao, Shiliang and Yao, Chen and Wang, Zhidong},
  journal = {Robotics and Autonomous Systems},
  keywords = {slam,journal},
  pages = {103759},
  title = {{GR-LOAM: LiDAR-based sensor fusion SLAM for ground robots on complex terrain}},
  volume = {140},
  year = {2021},
}

@inproceedings{saska2017formation,
  author = {Saska, Martin and Kratky, Vit and Spurny, Vojtech and Baca, Tomas},
  booktitle = {{IEEE ETFA}},
  keywords = {dronument,conference},
  pages = {1--8},
  title = {{Documentation of dark areas of large historical buildings by a formation of unmanned aerial vehicles using model predictive control}},
  year = {2017},
}

@inproceedings{larsen1998timedelayed,
  author = {Larsen, T.D. and Andersen, N.A. and Ravn, O. and Poulsen, N.K.},
  booktitle = {{Proceedings of the 37th IEEE Conference on Decision and Control (Cat. No.98CH36171)}},
  keywords = {conference},
  pages = {3972--3977 vol.4},
  title = {{Incorporation of time delayed measurements in a discrete-time Kalman filter}},
  volume = {4},
  year = {1998},
}

@inproceedings{amorim2021flocking,
  author = {Amorim, Thulio and Nascimento, Tiago and \textbf{P. Petracek} and de Masi, Giulia and Ferrante, Eliseo and Saska, Martin},
  booktitle = {{ICUAS}},
  keywords = {mine, third_author, conference, swarms},
  pages = {1374--1382},
  title = {{Self-Organized UAV Flocking Based on Proximal Control}},
  year = {2021},
}

@inproceedings{park2013infrared,
  author = {Park, Hyeon-woo and Choi, In-sung and Park, Sung-kee and Choi, Jong-suk},
  booktitle = {{URAI}},
  keywords = {swarms},
  pages = {321--324},
  title = {{Leader-follower formation control using infrared camera with reflective tag}},
  year = {2013},
}

@inproceedings{tessier2006multisensor,
  author = {Tessier, C. and Cariou, C. and Debain, C. and Chausse, F. and Chapuis, R. and Rousset, C.},
  booktitle = {{IEEE ITSC}},
  keywords = {conference},
  pages = {1316--1321},
  title = {{A real-time, multi-sensor architecture for fusion of delayed observations: application to vehicle localization}},
  year = {2006},
}

@article{petracek2021caves,
  addendum = {\textbf{IF 3.74, Q2 in Robotics}},
  author = {\textbf{P. Petracek} and Kratky, Vit and Petrlik, Matej and Baca, Tomas and Kratochvil, Radim and Saska, Martin},
  journal = {IEEE Robotics and Automation Letters},
  keywords = {mine, first_author, core, phd_related, journal, darpa},
  month = 10,
  number = {4},
  pages = {7596--7603},
  title = {{Large-Scale Exploration of Cave Environments by Unmanned Aerial Vehicles}},
  volume = {6},
  year = {2021},
}

@article{kratky2020rti,
  addendum = {\textbf{IF 3.74, Q2 in Robotics}},
  author = {Kratky, Vit and \textbf{P. Petracek} and Spurny, Vojtech and Saska, Martin},
  journal = {IEEE Robotics and Automation Letters},
  keywords = {mine, second_author, journal, dronument, phd_related},
  month = 4,
  number = {2},
  pages = {2302--2309},
  title = {{Autonomous Reflectance Transformation Imaging by a Team of Unmanned Aerial Vehicles}},
  volume = {5},
  year = {2020},
}

@article{bodi2015beeclust,
  author = {Bodi, Michael and Möslinger, Christoph and Thenius, Ronald and Schmickl, Thomas},
  journal = {IFAC-PapersOnLine},
  keywords = {swarms},
  note = {8th Vienna International Conferenceon Mathematical Modelling},
  number = {1},
  pages = {819--824},
  title = {{BEECLUST used for exploration tasks in Autonomous Underwater Vehicles}},
  volume = {48},
  year = {2015},
}

@inproceedings{zhang2021cooperative,
  addendum = {\textbf{Not indexed in WoS yet}},
  author = {Zhang, Xiaodan and Zhou, Zebo and Luo, Xin and Zhang, Zeliang and Lin, Guoquan and Tian, Junxi},
  booktitle = {{IEEE ICUS}},
  keywords = {citation, kratky2021darpa},
  pages = {826--831},
  title = {{A cooperative navigation system of multiple quadrotor aerial vehicles: design, development and performance}},
  year = {2021},
}

@article{jiehong2021flocking,
  addendum = {\textbf{Not indexed in WoS yet}},
  author = {Wu, Jiehong and Yu, Yuanzhe and Ma, Jian and Wu, Jinsong and Han, Guangjie and Shi, Junling and Gao, Lijun},
  journal = {IEEE Transactions on Vehicular Technology},
  keywords = {citation, amorim2021flocking, swarms},
  number = {12},
  pages = {12477--12490},
  title = {{Autonomous Cooperative Flocking for Heterogeneous Unmanned Aerial Vehicle Group}},
  volume = {70},
  year = {2021},
}

@article{intellightshow,
  author = {Intel\textsuperscript{\textregistered}},
  keywords = {swarms},
  title = {{Drone Light Shows}},
  url = {https://inteldronelightshows.com/technology/},
  urldate = {2021-01-12},
  year = {2021},
}

@inproceedings{stirling2012swarm,
  author = {Stirling, Timothy and Roberts, James and Zufferey, Jean-Christophe and Floreano, Dario},
  booktitle = {{IEEE ICRA}},
  keywords = {swarms},
  pages = {4641--4647},
  title = {{Indoor navigation with a swarm of flying robots}},
  year = {2012},
}

@article{liu2019optimized,
  author = {Liu, Xiao and Zhang, Lei and Qin, Shengran and Tian, Daji and Ouyang, Shi Wu and Chen, Chu},
  journal = {Sensors},
  keywords = {slam,journal},
  title = {{Optimized LOAM Using Ground Plane Constraints and SegMatch-Based Loop Detection}},
  volume = {19},
  year = {2019},
}

@inproceedings{zhen2019localizability,
  author = {Zhen, Weikun and Scherer, Sebastian},
  booktitle = {{IEEE ICRA}},
  keywords = {slam,conference},
  pages = {4903--4908},
  title = {{Estimating the Localizability in Tunnel-like Environments using LiDAR and UWB}},
  year = {2019},
}

@article{weinstein2018visionswarm,
  author = {Weinstein, Aaron and Cho, Adam and Loianno, Giuseppe and Kumar, Vijay},
  journal = {IEEE Robotics and Automation Letters},
  keywords = {swarms},
  number = {3},
  pages = {1801--1807},
  title = {{Visual Inertial Odometry Swarm: An Autonomous Swarm of Vision-Based Quadrotors}},
  volume = {3},
  year = {2018},
}

@article{liu2021balm,
  author = {Liu, Zheng and Zhang, Fu},
  journal = {IEEE Robotics and Automation Letters},
  keywords = {slam,journal},
  pages = {3184--3191},
  title = {{BALM: Bundle Adjustment for Lidar Mapping}},
  volume = {6},
  year = {2021},
}

@inproceedings{hert2022hardware,
  author = {Hert, Daniel and Baca, Tomas and \textbf{P. Petracek} and Kratky, Vit and Spurny, Vojtech and Petrlik, Matej and Matous, Vrba and Zaitlik, David and Stoudek, Pavel and Walter, Viktor and Stepan, Petr and Horyna, Jiri and Pritzl, Vaclav and Silano, Giuseppe and Bonilla Licea, Daniel and Stibinger, Petr and Penicka, Robert and Nascimento, Tiago and Saska, Martin},
  booktitle = {{ICUAS}},
  keywords = {mine, conference, third_author},
  month = 6,
  title = {{MRS Modular UAV Hardware Platforms for Supporting Research in Real-World Outdoor and Indoor Environments}},
  year = {2022},
}

@inproceedings{weiss2012versatile,
  author = {Weiss, Stephan and Achtelik, Markus W. and Chli, Margarita and Siegwart, Roland},
  booktitle = {{IEEE ICRA}},
  keywords = {conference},
  pages = {31--38},
  title = {{Versatile distributed pose estimation and sensor self-calibration for an autonomous MAV}},
  year = {2012},
}

@article{schmuck2018ccmslam,
  author = {Schmuck, Patrik and Chli, Margarita},
  journal = {Journal of Field Robotics},
  keywords = {multi-robot, slam},
  pages = {763--781},
  title = {{CCM-SLAM: Robust and efficient centralized collaborative monocular simultaneous localization and mapping for robotic teams}},
  volume = {36},
  year = {2019},
}

@article{shenzenlightshow,
  author = {Shenzhen Damoda Intelligent Control Technology Co., Ltd.},
  keywords = {swarms},
  title = {{DAMODA: Formation Drone Show Navigator}},
  url = {https://en.dmduav.com/},
  urldate = {2021-01-12},
  year = {2021},
}

@article{koide2021consistent,
  author = {Koide, Kenji and Yokozuka, Masashi and Oishi, Shuji and Banno, Atsuhiko},
  journal = {IEEE Robotics and Automation Letters},
  keywords = {slam,journal},
  number = {4},
  pages = {8591--8598},
  title = {{Globally Consistent 3D LiDAR Mapping With GPU-Accelerated GICP Matching Cost Factors}},
  volume = {6},
  year = {2021},
}

@article{kratky2021filming,
  author = {Kratky, Vit and Alcantara, Alfonso and Capitan, Jesús and Štepan, Petr and Saska, Martin and Ollero, Anibal},
  journal = {IEEE Robotics and Automation Letters},
  keywords = {journal,filming},
  number = {4},
  pages = {7580--7587},
  title = {{Autonomous Aerial Filming With Distributed Lighting by a Team of Unmanned Aerial Vehicles}},
  volume = {6},
  year = {2021},
}

@inproceedings{tang2021rti,
  addendum = {\textbf{Not indexed in WoS yet}},
  author = {Tang, Yunchao and Huang, Lihua and Dai, Jie and Huang, Huijie},
  booktitle = {{AOPC}},
  editor = {Yadong Jiang and Qunbo Lv and Dong Liu and Dengwei Zhang and Bin Xue},
  keywords = {citation, kratky2020rti},
  pages = {608 -- 613},
  title = {{Edge detection of reflectance transformation imaging for colorless traces}},
  volume = {12065},
  year = {2021},
}

@inproceedings{walter2018uvdar,
  author = {Walter, Viktor and Staub, Nicolas and Saska, Martin and Franchi, Antonio},
  booktitle = {{IEEE CASE}},
  keywords = {uvdar},
  pages = {298--303},
  title = {{Mutual Localization of UAVs based on Blinking Ultraviolet Markers and 3D Time-Position Hough Transform}},
  year = {2018},
}

@article{zuo2019licfusion,
  author = {Zuo, Xingxing and Geneva, Patrick and Lee, Woosik and Liu, Yong and Huang, Guoquan},
  journal = {IEEE/RSJ IROS},
  keywords = {slam,conference},
  pages = {5848--5854},
  title = {{LIC-Fusion: LiDAR-Inertial-Camera Odometry}},
  year = {2019},
}

@article{soria2022swarmsinunknownenvironments,
  author = {Soria, Enrica},
  journal = {Science Robotics},
  keywords = {citation,petracek2020swarms},
  number = {66},
  pages = {eabq2215},
  title = {{Swarms of flying robots in unknown environments}},
  url = {https://www.science.org/doi/abs/10.1126/scirobotics.abq2215},
  volume = {7},
  year = {2022},
}

@inproceedings{chaudhary2017tracking,
  author = {Chaudhary, Krishneel and Zhao, Moju and Shi, Fan and Chen, Xiangyu and Okada, Kei and Inaba, Masayuki},
  booktitle = {{IEEE/RSJ IROS}},
  keywords = {swarms},
  pages = {6837-6842},
  title = {{Robust real-time visual tracking using dual-frame deep comparison network integrated with correlation filters}},
  year = {2017},
}

@article{nguyen2021liro,
  author = {Nguyen, Thien-Minh and Cao, Muqing and Yuan, Shenghai and Lyu, Yang and Nguyen, Thien Hoang and Xie, Lihua},
  journal = {IEEE ICRA},
  keywords = {slam,conference},
  pages = {14484--14490},
  title = {{LIRO: Tightly Coupled Lidar-Inertia-Ranging Odometry}},
  year = {2021},
}

@inproceedings{faigl2013whycon,
  author = {Faigl, Jan and Krajnik, Tomas and Chudoba, Jan and Preucil, Libor and Saska, Martin},
  booktitle = {{IEEE ICRA}},
  pages = {993--998},
  title = {{Low-cost embedded system for relative localization in robotic swarms}},
  year = {2013},
}

@article{cadena2016slam,
  author = {Cadena, Cesar and Carlone, Luca and Carrillo, Henry and Latif, Yasir and Scaramuzza, Davide and Neira, Jose and Reid, Ian and Leonard, John J.},
  journal = {IEEE Transactions on Robotics},
  keywords = {slam, journal},
  number = {6},
  pages = {1309--1332},
  title = {{Past, Present, and Future of Simultaneous Localization and Mapping: Toward the Robust-Perception Age}},
  volume = {32},
  year = {2016},
}

@article{viragh2014flocking,
  author = {Viragh, Csaba and Vasarhelyi, Gabor and Tarcai, Norbert and Szorenyi, Tamas and Somorjai, Gergo and Nepusz, Tamas and Vicsek, Tamas},
  journal = {Bioinspiration {\&} Biomimetics},
  keywords = {swarms},
  month = 5,
  number = {2},
  pages = {025012},
  title = {{Flocking algorithm for autonomous flying robots}},
  volume = {9},
  year = {2014},
}

@article{brommer2021mars,
  author = {Brommer, Christian and Jung, Roland and Steinbrener, Jan and Weiss, Stephan},
  journal = {IEEE Robotics and Automation Letters},
  keywords = {slam,journal},
  number = {2},
  pages = {359--366},
  title = {{MaRS: A Modular and Robust Sensor-Fusion Framework}},
  volume = {6},
  year = {2021},
}

@article{vasarhelyi2018flocking,
  author = {Vasarhelyi, Gabor and Viragh, Csaba and Somorjai, Gergo and Nepusz, Tamas and Eiben, Agoston E. and Vicsek, Tamas},
  journal = {Science Robotics},
  keywords = {swarms},
  number = {20},
  pages = {eaat3536},
  title = {{Optimized flocking of autonomous drones in confined environments}},
  volume = {3},
  year = {2018},
}

@article{cruz2022ekfloam,
  author = {Júnior, Gilmar P. Cruz and Rezende, Adriano M. C. and Miranda, Victor R. F. and Fernandes, Rafael and Azpúrua, Hector and Neto, Armando A. and Pessin, Gustavo and Freitas, Gustavo M.},
  journal = {IEEE Transactions on Automation Science and Engineering},
  pages = {1--14},
  title = {{EKF-LOAM: An Adaptive Fusion of LiDAR SLAM With Wheel Odometry and Inertial Data for Confined Spaces With Few Geometric Features}},
  year = {2022},
}

@article{zhou2022swarminthewild,
  author = {Zhou, Xin and Wen, Xiangyong and Wang, Zhepei and Gao, Yuman and Li, Haojia and Wang, Qianhao and Yang, Tiankai and Lu, Haojian and Cao, Yanjun and Xu, Chao and Gao, Fei},
  journal = {Science Robotics},
  keywords = {swarms},
  number = {66},
  pages = {eabm5954},
  title = {{Swarm of micro flying robots in the wild}},
  url = {https://www.science.org/doi/abs/10.1126/scirobotics.abm5954},
  volume = {7},
  year = {2022},
}

@article{villanueva2021imagemodels,
  author = {Jaspe-Villanueva, Alberto and Ahsan, Moonisa and Pintus, Ruggero and Giachetti, Andrea and Marton, Fabio and Gobbetti, Enrico},
  journal = {J. Comput. Cult. Herit.},
  keywords = {journal, citation, kratky2020rti},
  month = 4,
  number = {2},
  title = {{Web-Based Exploration of Annotated Multi-Layered Relightable Image Models}},
  volume = {14},
  year = {2021},
}

@article{silva2015ultrasonic,
  author = {De Silva, Oscar and Mann, George K. I. and Gosine, Raymond G.},
  journal = {IEEE Sensors Journal},
  keywords = {swarms},
  number = {3},
  pages = {1716--1726},
  title = {{An Ultrasonic and Vision-Based Relative Positioning Sensor for Multirobot Localization}},
  volume = {15},
  year = {2015},
}

@inproceedings{chen2019suma,
  author = {Chen, Xieyuanli and Milioto, Andres and Palazzolo, Emanuele and Giguère, Philippe and Behley, Jens and Stachniss, Cyrill},
  booktitle = {{IEEE/RSJ IROS}},
  keywords = {slam,conference},
  pages = {4530--4537},
  title = {{SuMa++: Efficient LiDAR-based Semantic SLAM}},
  year = {2019},
}

@book{trianni2008swarms,
  author = {Trianni, Vito},
  edition = {1},
  keywords = {swarms},
  series = {Studies in Computational Intelligence},
  title = {{Evolutionary Swarm Robotics: Evolving Self-Organising Behaviours in Groups of Autonomous Robots}},
  year = {2008},
}

@article{agha2021nebula,
  addendum = {\textbf{Preprint}},
  author = {Agha, Ali and Otsu, Kyohei and Morrell, Benjamin and Fan, David D. and Thakker, Rohan and Santamaria-Navarro, Angel and Kim, Sung-Kyun and Bouman, Amanda and Lei, Xianmei and Edlund, Jeffrey A. and Ginting, Muhammad Fadhil and Ebadi, Kamak and Anderson, Matthew O. and Pailevanian, Torkom and Terry, Edward and Wolf, Michael T. and Tagliabue, Andrea and Vaquero, Tiago Stegun and Palieri, Matteo and Tepsuporn, Scott and Chang, Yun and Kalantari, Arash and Chavez, Fernando and Lopez, Brett Thomas and Funabiki, Nobuhiro and Miles, Gregory and Touma, Thomas and Buscicchio, Alessandro and Tordesillas, Jesus and Alatur, Nikhilesh and Nash, Jeremy and Walsh, William and Jung, Sunggoo and Lee, Hanseob and Kanellakis, Christoforos and Mayo, John and Harper, Scott and Kaufmann, Marcel and Dixit, Anushri and Correa, Gustavo and Lee, Carlyn-Ann and Gao, Jay L. and Merewether, Gene B. and Maldonado-Contreras, Jairo and Salhotra, Gautam and da Silva, Maira Saboia and Ramtoula, Benjamin and Fakoorian, Seyed Abolfazl and Hatteland, Alexander and Kim, Taeyeon and Bartlett, Tara and Stephens, Alex and Kim, Leon and Bergh, Charles F. and Heiden, Eric and Lew, Thomas and Cauligi, Abhishek and Heywood, Tristan and Kramer, Andrew and Leopold, Henry A. and Choi, Chris Seoyun and Daftry, Shreyansh and Toupet, Olivier and Wee, Inhwan and Thakur, Abhishek and Feras, Micah and Beltrame, G. and Nikolakopoulos, George and Shim, David Hyunchul and Carlone, Luca and Burdick, Joel W.},
  journal = {ArXiv},
  keywords = {slam,darpa},
  title = {{NeBula: Quest for Robotic Autonomy in Challenging Environments; TEAM CoSTAR at the DARPA Subterranean Challenge}},
  volume = {abs/2103.11470},
  year = {2021},
}

@article{shan2020liosam,
  author = {Shan, Tixiao and Englot, Brendan and Meyers, Drew and Wang, Wei and Ratti, Carlo and Rus, Daniela},
  journal = {IEEE/RSJ IROS},
  keywords = {slam,conference},
  pages = {5135--5142},
  title = {{LIO-SAM: Tightly-coupled Lidar Inertial Odometry via Smoothing and Mapping}},
  year = {2020},
}

@inproceedings{yan2019infrared,
  author = {Yan, Xudong and Deng, Heng and Quan, Quan},
  booktitle = {{IEEE/RSJ IROS}},
  keywords = {swarms},
  pages = {6885--6890},
  title = {{Active Infrared Coded Target Design and Pose Estimation for Multiple Objects}},
  year = {2019},
}

@article{olaronke2020swarmsreview,
  author = {Olaronke, Iroju and Ikono, Rhoda and Gambo, Ishaya and Ojerinde, Oluwaseun},
  journal = {Current Journal of Applied Science and Technology},
  keywords = {swarms},
  month = 06,
  pages = {79--97},
  title = {{A Systematic Review of Swarm Robots}},
  volume = {39},
  year = {2020},
}

@inproceedings{fox2001kld,
  author = {Fox, Dieter},
  booktitle = {{Advances in Neural Information Processing Systems}},
  editor = {T. Dietterich and S. Becker and Z. Ghahramani},
  title = {{KLD-Sampling: Adaptive Particle Filters}},
  volume = {14},
  year = {2002},
}

@inproceedings{zhang2017aggressive,
  author = {Zhang, Ji and Singh, Sanjiv},
  booktitle = {{IEEE ICRA}},
  keywords = {slam,conference},
  pages = {5051--5058},
  title = {{Enabling aggressive motion estimation at low-drift and accurate mapping in real-time}},
  year = {2017},
}

@article{qin2020lins,
  author = {Qin, Chao and Ye, Haoyang and Pranata, Christian E. and Han, Jun Hee and Zhang, Shuyang and Liu, Ming},
  journal = {IEEE ICRA},
  keywords = {slam,conference},
  pages = {8899--8906},
  title = {{LINS: A Lidar-Inertial State Estimator for Robust and Efficient Navigation}},
  year = {2020},
}

@book{dellaert2017factorgraphs,
  author = {Dellaert, Frank and Kaess, Michael},
  booktitle = {{Factor Graphs for Robot Perception}},
  keywords = {book},
  year = {2017},
}

@article{ye2019liomapping,
  author = {Ye, Haoyang and Chen, Yuying and Liu, Ming},
  journal = {IEEE ICRA},
  keywords = {conference},
  pages = {3144--3150},
  title = {{Tightly Coupled 3D Lidar Inertial Odometry and Mapping}},
  year = {2019},
}

@inproceedings{kummerle2011g2o,
  author = {Kümmerle, Rainer and Grisetti, Giorgio and Strasdat, Hauke and Konolige, Kurt and Burgard, Wolfram},
  booktitle = {{IEEE ICRA}},
  keywords = {conference},
  pages = {3607--3613},
  title = {{G2o: A general framework for graph optimization}},
  year = {2011},
}

@inproceedings{shan2018legoloam,
  author = {Shan, Tixiao and Englot, Brendan},
  booktitle = {{IEEE/RSJ IROS}},
  keywords = {slam,conference},
  pages = {4758--4765},
  title = {{LeGO-LOAM: Lightweight and Ground-Optimized Lidar Odometry and Mapping on Variable Terrain}},
  year = {2018},
}

@inproceedings{behley2018suma,
  author = {Behley, Jens and Stachniss, Cyrill},
  booktitle = {{Robotics: Science and Systems}},
  keywords = {slam,conference},
  title = {{Efficient Surfel-Based SLAM using 3D Laser Range Data in Urban Environments.}},
  volume = {2018},
  year = {2018},
}

@article{yokozuka2021litamin2,
  author = {Yokozuka, Masashi and Koide, Kenji and Oishi, Shuji and Banno, Atsuhiko},
  journal = {IEEE ICRA},
  keywords = {slam},
  pages = {11619--11625},
  title = {{LiTAMIN2: Ultra Light LiDAR-based SLAM using Geometric Approximation applied with KL-Divergence}},
  year = {2021},
}

@article{lindqvist2022leggedandaerial,
  addendum = {\textbf{citation,petracek2021caves}},
  author = {Lindqvist, Björn and Karlsson, Samuel and Koval, Anton and Tevetzidis, Ilias and Haluska, Jakub and Kanellakis, Christoforos and Agha-mohammadi, Ali-akbar and Nikolakopoulos, George},
  journal = {Robotics and Autonomous Systems},
  keywords = {Field robotics, Search-and-rescue robotics, Unmanned aerial vehicles, Quadruped robots, Multimodality robots, Subterranean exploration},
  pages = {104134},
  title = {{Multimodality robotic systems: Integrated combined legged-aerial mobility for subterranean search-and-rescue}},
  url = {https://www.sciencedirect.com/science/article/pii/S0921889022000756},
  year = {2022},
}

@inproceedings{lin2020loamlivox,
  author = {Lin, Jiarong and Zhang, Fu},
  booktitle = {{IEEE ICRA}},
  keywords = {slam,conference},
  pages = {3126--3131},
  title = {{Loam livox: A fast, robust, high-precision LiDAR odometry and mapping package for LiDARs of small FoV}},
  year = {2020},
}

@inproceedings{saska2006pso,
  author = {Saska, Martin and Macas, Martin and Preucil, Libor and Lhotska, Lenka},
  booktitle = {{2006 IEEE Conference on Emerging Technologies and Factory Automation}},
  pages = {833--839},
  title = {{Robot Path Planning using Particle Swarm Optimization of Ferguson Splines}},
  year = {2006},
}

@article{roucek2021darpa,
  addendum = {\textbf{Preprint}},
  author = {Roucek, T. and Pecka, M. and Cizek, P. and Petricek, T. and Bayer, J. and Salansky, V. and Azayev, T. and Hert, D. and Petrlik, M. and Baca, T. and Spurny, V. and Kratky, V. and \textbf{P. Petracek} and Baril, D. and Vaidis, M. and Kubelka, V. and Pomerleau, F. and Faigl, J. and Zimmermann, K. and Saska, M. and Svoboda, T. and Krajnik, T.},
  journal = {Accepted to Field Robotics},
  keywords = {mine, journal, darpa, preprint},
  title = {{System for multi-robotic exploration of underground environments CTU-CRAS-NORLAB in the DARPA Subterranean Challenge}},
  volume = {abs/2110.05911},
  year = {2021},
}

@inbook{schmickl2016beeclust,
  author = {Schmickl, Thomas and Hamann, Heiko},
  journal = {Bio-Inspired Computing and Networking},
  keywords = {swarms},
  month = 04,
  pages = {95--137},
  title = {{Beeclust: A Swarm Algorithm Derived from Honeybees Derivation of the Algorithm, Analysis by Mathematical Models and Implementation on a Robot Swarm}},
  year = {2016},
}

@article{ehanglightshow,
  author = {EHang Inc.},
  keywords = {swarms},
  title = {{EHang Aerial Light Show}},
  url = {https://ehang.com/formation},
  urldate = {2021-01-12},
  year = {2021},
}

@inproceedings{hauert2011flocking,
  author = {Hauert, Sabine and Leven, Severin and Varga, Maja and Ruini, Fabio and Cangelosi, Angelo and Zufferey, Jean-Christophe and Floreano, Dario},
  booktitle = {{IEEE/RSJ IROS}},
  keywords = {swarms},
  pages = {5015--5020},
  title = {{Reynolds flocking in reality with fixed-wing robots: Communication range vs. maximum turning rate}},
  year = {2011},
}

@article{baca2021mrs,
  author = {Baca, Tomas and Petrlik, Matej and Vrba, Matous and Spurny, Vojtech and Penicka, Robert and Hert, Daniel and Saska, Martin},
  journal = {Journal of Intelligent \& Robotic Systems},
  keywords = {journal},
  number = {1},
  pages = {1--28},
  title = {{The MRS UAV system: Pushing the frontiers of reproducible research, real-world deployment, and education with autonomous unmanned aerial vehicles}},
  volume = {102},
  year = {2021},
}

@article{nguyen2021miliom,
  author = {Nguyen, Thien-Minh and Yuan, Shenghai and Cao, Muqing and Yang, Lyu and Nguyen, Thien Hoang and Xie, Lihua},
  journal = {IEEE Robotics and Automation Letters},
  keywords = {slam,journal},
  number = {3},
  pages = {5573--5580},
  title = {{MILIOM: Tightly Coupled Multi-Input Lidar-Inertia Odometry and Mapping}},
  volume = {6},
  year = {2021},
}

@article{chugn2018swarmsreview,
  author = {Chung, Soon-Jo and Paranjape, Aditya Avinash and Dames, Philip M. and Shen, Shaojie and Kumar, Vijay R.},
  journal = {IEEE Transactions on Robotics},
  keywords = {swarms},
  pages = {837--855},
  title = {{A Survey on Aerial Swarm Robotics}},
  volume = {34},
  year = {2018},
}

@article{lin2021r2live,
  author = {Lin, Jiarong and Zheng, Chunran and Xu, Wei and Zhang, Fu},
  journal = {IEEE Robotics and Automation Letters},
  keywords = {slam,journal},
  number = {4},
  pages = {7469--7476},
  title = {{R2LIVE: A Robust, Real-Time, LiDAR-Inertial-Visual Tightly-Coupled State Estimator and Mapping}},
  volume = {6},
  year = {2021},
}

@inproceedings{rogers2020testyourslam,
  author = {Rogers, John G. and Gregory, Jason M. and Fink, Jonathan and Stump, Ethan},
  booktitle = {{IEEE ICRA}},
  keywords = {dataset},
  pages = {955--961},
  title = {{Test Your SLAM! The SubT-Tunnel dataset and metric for mapping}},
  year = {2020},
}

@article{saska2017gpsdenied,
  author = {Saska, Martin and Baca, Tomas and Thomas, Justin and Chudoba, Jan and Preucil, Libor and Krajnik, Tomas and Faigl, Jan and Loianno, Giuseppe and Kumar, Vijay},
  journal = {Autonomous Robots},
  keywords = {swarms},
  number = {4},
  pages = {919--944},
  title = {{System for deployment of groups of unmanned micro aerial vehicles in GPS-denied environments using onboard visual relative localization}},
  volume = {41},
  year = {2017},
}

@inbook{kovryzhenko2022minimumsnap,
  addendum = {\textbf{Not indexed in WoS yet}},
  author = {Kovryzhenko, Yevhenii and Taheri, Ehsan},
  booktitle = {{AIAA SCITECH 2022 Forum}},
  keywords = {citation,petracek2020dronument},
  title = {{Comparison of Minimum-Snap and Finite Fourier Series Methods for Multi-Copter Motion Planning}},
  year = {2021},
}

@inproceedings{baca2021radiation,
  author = {Baca, Tomas and Stibinger, Petr and Doubravova, Daniela and Turecek, Daniel and Solc, Jaroslav and Rusnak, Jan and Saska, Martin and Jakubek, Jan},
  booktitle = {{ICUAS}},
  keywords = {conference},
  pages = {338--346},
  title = {{Gamma Radiation Source Localization for Micro Aerial Vehicles with a Miniature Single-Detector Compton Event Camera}},
  year = {2021},
}

@article{hornung2013octomap,
  author = {Hornung, Armin and Wurm, Kai M. and Bennewitz, Maren and Stachniss, Cyrill and Burgard, Wolfram},
  issue = {3},
  journal = {Autonomous Robots},
  pages = {189--206},
  title = {{OctoMap: An Efficient Probabilistic 3D Mapping Framework Based on Octrees}},
  volume = {34},
  year = {2013},
}

@article{alcantara2020cinematographic,
  author = {Alcantara, Alfonso and Capitan, Jesus and Torres-Gonzalez, Arturo and Cunha, Rita and Ollero, Anibal},
  journal = {IEEE Access},
  keywords = {journal,citation,petracek2020dronument},
  pages = {201300--201316},
  title = {{Autonomous Execution of Cinematographic Shots With Multiple Drones}},
  volume = {8},
  year = {2020},
}

@inproceedings{reynolds1987boids,
  author = {Reynolds, Craig W.},
  booktitle = {{14th Ann. Conf. on Computer Graphics and Interactive Techniques}},
  keywords = {swarms},
  pages = {25--34},
  title = {{Flocks, Herds and Schools: A Distributed Behavioral Model}},
  year = {1987},
}

@article{bendris2022visualinspection,
  author = {Bendris, Bianca and Cayero Becerra, Julian},
  journal = {Remote Sensing},
  keywords = {citation, petracek2021caves},
  number = {1},
  title = {{Design and Experimental Evaluation of an Aerial Solution for Visual Inspection of Tunnel-like Infrastructures}},
  volume = {14},
  year = {2022},
}

@article{walter2019uvdar,
  author = {Walter, Viktor and Staub, Nicolas and Franchi, Antonio and Saska, Martin},
  journal = {IEEE Robotics and Automation Letters},
  keywords = {uvdar},
  month = 7,
  number = {3},
  pages = {2637--2644},
  title = {{UVDAR System for Visual Relative Localization With Application to Leader–Follower Formations of Multirotor UAVs}},
  volume = {4},
  year = {2019},
}

@article{li2021kfslio,
  author = {Li, Wei and Hu, Yu and Han, Yinhe and Li, Xiaowei},
  journal = {IEEE ICRA},
  keywords = {conference},
  pages = {5042--5048},
  title = {{KFS-LIO: Key-Feature Selection for Lightweight Lidar Inertial Odometry}},
  year = {2021},
}

@article{wang2021framework,
  author = {Wang, Yusheng and Lou, Yidong and Zhang, Yi and Song, Weiwei and Huang, Fei and Tu, Zhiyong},
  journal = {Remote Sensing},
  keywords = {slam,journal},
  pages = {2015},
  title = {{A Robust Framework for Simultaneous Localization and Mapping with Multiple Non-Repetitive Scanning Lidars}},
  volume = {13},
  year = {2021},
}

@article{chen2020sloam,
  author = {Chen, Steven W. and Nardari, Guilherme V. and Lee, Elijah S. and Qu, Chao and Liu, Xu and Romero, Roseli Ap. Francelin and Kumar, Vijay},
  journal = {IEEE Robotics and Automation Letters},
  keywords = {slam,journal},
  number = {2},
  pages = {612--619},
  title = {{SLOAM: Semantic Lidar Odometry and Mapping for Forest Inventory}},
  volume = {5},
  year = {2020},
}

@article{li2019lonet,
  author = {Li, Qing and Chen, Shaoyang and Wang, Cheng and Li, Xin and Wen, Chenglu and Cheng, Ming and Li, Jonathan},
  journal = {IEEE/CVF CVPR},
  keywords = {slam,conference},
  pages = {8465--8474},
  title = {{LO-Net: Deep Real-Time Lidar Odometry}},
  year = {2019},
}

@inproceedings{smrcka2021admittance,
  author = {Smrcka, Daniel and Baca, Tomas and Nascimento, Tiago and Saska, Martin},
  booktitle = {{ICUAS}},
  keywords = {dronument,conference},
  pages = {552--559},
  title = {{Admittance Force-Based UAV-Wall Stabilization and Press Exertion for Documentation and Inspection of Historical Buildings}},
  year = {2021},
}

@article{kratky2021darpa,
  addendum = {\textbf{IF 3.77, Q2 in Robotics}},
  author = {Kratky, Vit and \textbf{P. Petracek} and Baca, Tomas and Saska, Martin},
  journal = {Journal of Field Robotics},
  keywords = {mine, second_author, journal, darpa},
  month = 5,
  number = {8},
  pages = {1036--1058},
  title = {{An autonomous unmanned aerial vehicle system for fast exploration of large complex indoor environments}},
  volume = {38},
  year = {2021},
}

@article{yao2019remotesensing,
  author = {Yao, Huang and Qin, Rongjun and Chen, Xiaoyu},
  journal = {Remote Sensing},
  keywords = {inspection,journal},
  number = {12},
  title = {{Unmanned Aerial Vehicle for Remote Sensing Applications—A Review}},
  volume = {11},
  year = {2019},
}

@article{karimi2021lola,
  author = {Karimi, Mojtaba and Oelsch, Martin and Stengel, Oliver and Babaians, Edwin and Steinbach, Eckehard G.},
  journal = {IEEE Robotics and Automation Letters},
  keywords = {slam,journal},
  pages = {2248--2255},
  title = {{LoLa-SLAM: Low-Latency LiDAR SLAM Using Continuous Scan Slicing}},
  volume = {6},
  year = {2021},
}

@inproceedings{zhang2014loam,
  author = {Zhang, Ji and Singh, Sanjiv},
  booktitle = {{Robotics: Science and Systems}},
  keywords = {journal},
  number = {9},
  title = {{LOAM: Lidar Odometry and Mapping in Real-time.}},
  volume = {2},
  year = {2014},
}

@article{shah2019aggregation,
  author = {Shah, Dhruv and Vachhani, Leena},
  journal = {IEEE Robotics and Automation Letters},
  keywords = {swarms},
  number = {2},
  pages = {886--893},
  title = {{Swarm Aggregation Without Communication and Global Positioning}},
  volume = {4},
  year = {2019},
}

@inproceedings{censi2013tracking,
  author = {Censi, Andrea and Strubel, Jonas and Brandli, Christian and Delbruck, Tobi and Scaramuzza, Davide},
  booktitle = {{IEEE/RSJ IROS}},
  keywords = {swarms},
  pages = {891--898},
  title = {{Low-latency localization by active LED markers tracking using a dynamic vision sensor}},
  year = {2013},
}

@article{zuo2020licfusion,
  author = {Zuo, Xingxing and Yang, Yulin and Geneva, Patrick and Lv, Jiajun and Liu, Yong and Huang, Guoquan and Pollefeys, Marc},
  journal = {IEEE/RSJ IROS},
  keywords = {slam,conference},
  pages = {5112--5119},
  title = {{LIC-Fusion 2.0: LiDAR-Inertial-Camera Odometry with Sliding-Window Plane-Feature Tracking}},
  year = {2020},
}

@article{petrlik2020robust,
  author = {Petrlik, M. and Baca, T. and Hert, D. and Vrba, M. and Krajnik, T. and Saska, M.},
  journal = {IEEE Robotics and Automation Letters},
  keywords = {journal, darpa},
  number = {2},
  pages = {2169--2176},
  title = {{A Robust UAV System for Operations in a Constrained Environment}},
  volume = {5},
  year = {2020},
}

@article{kratky2021documentation,
  addendum = {\textbf{The first two authors had contributed equally. IF 2.90, Q2 in Computer Science (Information Systems)}},
  author = {Kratky, Vit and \textbf{P. Petracek} and Nascimento, Tiago and Cadilova, Michaela and Skobrtal, Milan and Stoudek, Pavel and Saska, Martin},
  journal = {ISPRS International Journal of Geo-Information},
  keywords = {mine, second_author, journal, dronument},
  month = 10,
  number = {11},
  title = {{Safe Documentation of Historical Monuments by an Autonomous Unmanned Aerial Vehicle}},
  volume = {10},
  year = {2021},
}

@article{xue2022legoloamsc,
  author = {Xue, Guanghui and Wei, Jinbo and Li, Ruixue and Cheng, Jian},
  journal = {Sensors},
  keywords = {slam,journal},
  title = {{LeGO-LOAM-SC: An Improved Simultaneous Localization and Mapping Method Fusing LeGO-LOAM and Scan Context for Underground Coalmine}},
  volume = {22},
  year = {2022},
}

@inproceedings{nieuwenhuisen2017chimney,
  author = {Nieuwenhuisen, Matthias and Quenzel, Jan and Beul, Marius and Droeschel, David and Houben, Sebastian and Behnke, Sven},
  booktitle = {{ICUAS}},
  keywords = {inspection,journal},
  pages = {278--285},
  title = {{ChimneySpector: Autonomous MAV-based indoor chimney inspection employing 3D laser localization and textured surface reconstruction}},
  year = {2017},
}

@article{xu2021fastlio,
  author = {Xu, Wei and Zhang, Fu},
  journal = {IEEE Robotics and Automation Letters},
  keywords = {slam,journal},
  pages = {3317--3324},
  title = {{FAST-LIO: A Fast, Robust LiDAR-Inertial Odometry Package by Tightly-Coupled Iterated Kalman Filter}},
  volume = {6},
  year = {2021},
}

@article{du2020dh3d,
  author = {Lu, Weixin and Wan, Guowei and Zhou, Yao and Fu, Xiangyu and Yuan, Pengfei and Song, Shiyu},
  journal = {IEEE/CVF ICCV},
  keywords = {journal},
  pages = {12--21},
  title = {{DeepVCP: An End-to-End Deep Neural Network for Point Cloud Registration}},
  year = {2019},
}

@inproceedings{ahmad2021swarms,
  author = {Ahmad, Afzal and Walter, Viktor and \textbf{P. Petracek} and Petrlik, Matej and Baca, Tomas and Zaitlik, David and Saska, Martin},
  booktitle = {{IEEE ICRA}},
  keywords = {conference, mine, swarms, third_author},
  pages = {570--576},
  title = {{Autonomous Aerial Swarming in GNSS-denied Environments with High Obstacle Density}},
  year = {2021},
}

@article{jacquet2022activeperception,
  author = {Jacquet, Martin and Kivits, Max and Das, Hemjyoti and Franchi, Antonio},
  journal = {IEEE Robotics and Automation Letters},
  keywords = {citation,petracek2020dronument},
  number = {2},
  pages = {2063--2070},
  title = {{Motor-Level N-MPC for Cooperative Active Perception With Multiple Heterogeneous UAVs}},
  volume = {7},
  year = {2022},
}

@article{palieri2021locus,
  author = {Palieri, Matteo and Morrell, Benjamin and Thakur, Abhishek and Ebadi, Kamak and Nash, Jeremy and Chatterjee, Arghya and Kanellakis, Christoforos and Carlone, Luca and Guaragnella, Cataldo and Agha-mohammadi, Ali-akbar},
  journal = {IEEE Robotics and Automation Letters},
  keywords = {slam,journal},
  pages = {421--428},
  title = {{LOCUS: A Multi-Sensor Lidar-Centric Solution for High-Precision Odometry and 3D Mapping in Real-Time}},
  volume = {6},
  year = {2021},
}

@inproceedings{schmuck2017monocular,
  author = {Schmuck, Patrik and Chli, Margarita},
  booktitle = {{IEEE ICRA}},
  keywords = {multi-robot, slam},
  pages = {3863--3870},
  title = {{Multi-UAV collaborative monocular SLAM}},
  year = {2017},
}

@article{kushleyev2013agileswarm,
  author = {Kushleyev, Alex and Mellinger, Daniel and Powers, Caitlin and Kumar, Vijay},
  journal = {Autonomous Robots},
  keywords = {swarms},
  month = 11,
  number = {4},
  pages = {287--300},
  title = {{Towards A Swarm of Agile Micro Quadrotors}},
  volume = {35},
  year = {2013},
}

@inproceedings{cesare2015exploration,
  author = {Cesare, Kyle and Skeele, Ryan and Yoo, Soo-Hyun and Zhang, Yawei and Hollinger, Geoffrey},
  booktitle = {{IEEE ICRA}},
  keywords = {darpa,conference},
  pages = {2230--2235},
  title = {{Multi-UAV exploration with limited communication and battery}},
  year = {2015},
}

@article{vrba2020markerless,
  author = {Vrba, Matous and Saska, Martin},
  journal = {IEEE Robotics and Automation Letters},
  number = {2},
  pages = {2459--2466},
  title = {{Marker-Less Micro Aerial Vehicle Detection and Localization Using Convolutional Neural Networks}},
  volume = {5},
  year = {2020},
}

@article{ferrante2012flocking,
  author = {Ferrante, Eliseo and Turgut, Ali Emre and Huepe, Cristian and Stranieri, Alessandro and Pinciroli, Carlo and Dorigo, Marco},
  journal = {Adaptive Behavior},
  keywords = {swarms},
  number = {6},
  pages = {460--477},
  title = {{Self-organized flocking with a mobile robot swarm: a novel motion control method}},
  volume = {20},
  year = {2012},
}

@article{nguyen2019uwb,
  author = {Nguyen, Thien-Minh and Qiu, Zhirong and Nguyen, Thien Hoang and Cao, Muqing and Xie, Lihua},
  journal = {IEEE Robotics and Automation Letters},
  keywords = {swarms},
  number = {4},
  pages = {3641--3648},
  title = {{Distance-Based Cooperative Relative Localization for Leader-Following Control of MAVs}},
  volume = {4},
  year = {2019},
}

@article{sheng2022coupling,
  author = {Sheng, Bao and Wenzhong, Shi and Wenzheng, Fan and Pengxin, Chen and Mingyan, Nie and Haodong, Xiang},
  issue = {2},
  journal = {The Journal of Supercomputing},
  pages = {1903--1922},
  title = {{A tight coupling mapping method to integrate the ESKF, g2o, and point cloud alignment}},
  volume = {78},
  year = {2021},
}

@inproceedings{vasarhelyi2014flocking,
  author = {Vasarhelyi, G. and Viragh, Cs. and Somorjai, G. and Tarcai, N. and Szorenyi, T. and Nepusz, T. and Vicsek, T.},
  booktitle = {{IEEE/RSJ IROS}},
  keywords = {swarms},
  pages = {3866--3873},
  title = {{Outdoor flocking and formation flight with autonomous aerial robots}},
  year = {2014},
}

@article{alcantara2021optimal,
  author = {Alcantara, Alfonso and Capitan, Jesus and Cunha, Rita and Ollero, Anibal},
  journal = {Robotics and Autonomous Systems},
  keywords = {journal, citation, kratky2020rti},
  pages = {103778},
  title = {{Optimal trajectory planning for cinematography with multiple Unmanned Aerial Vehicles}},
  volume = {140},
  year = {2021},
}

@article{mahony2012mavs,
  author = {Mahony, Robert and Kumar, Vijay and Corke, Peter},
  journal = {IEEE Robotics \& Automation Magazine},
  keywords = {control,journal},
  number = {3},
  pages = {20--32},
  title = {{Multirotor Aerial Vehicles: Modeling, Estimation, and Control of Quadrotor}},
  volume = {19},
  year = {2012},
}

@inproceedings{dmytruk2021swarming,
  author = {Dmytruk, Andriy and Nascimento, Tiago and Ahmad, Afzal and Baca, Tomas and Saska, Martin},
  booktitle = {{ICUAS}},
  keywords = {swarms},
  pages = {1391--1399},
  title = {{Safe Tightly-Constrained UAV Swarming in GNSS-denied Environments}},
  year = {2021},
}

@article{ebadi2020lamp,
  author = {Ebadi, Kamak and Chang, Yun and Palieri, Matteo and Stephens, Alex and Hatteland, Alexander and Heiden, Eric and Thakur, Abhishek and Funabiki, Nobuhiro and Morrell, Benjamin and Wood, Sally and Carlone, Luca and Agha-mohammadi, Ali-akbar},
  journal = {IEEE ICRA},
  keywords = {slam,darpa,conference},
  pages = {80--86},
  title = {{LAMP: Large-Scale Autonomous Mapping and Positioning for Exploration of Perceptually-Degraded Subterranean Environments}},
  year = {2020},
}

@article{wang2021solidstate,
  author = {Wang, Han and Wang, Chen and Xie, Lihua},
  journal = {IEEE Robotics and Automation Letters},
  keywords = {slam,journal},
  number = {2},
  pages = {1801--1807},
  title = {{Lightweight 3-D Localization and Mapping for Solid-State LiDAR}},
  volume = {6},
  year = {2021},
}

@article{jiao2021greedyfs,
  author = {Jiao, Jianhao and Zhu, Yilong and Ye, Haoyang and Huang, Huaiyang and Yun, Peng and Jiang, Linxin and Wang, Lujia and Liu, Ming},
  journal = {IEEE ICRA},
  keywords = {conference},
  pages = {5222--5228},
  title = {{Greedy-Based Feature Selection for Efficient LiDAR SLAM}},
  year = {2021},
}

@inproceedings{kim2018scancontext,
  author = {Kim, Giseop and Kim, Ayoung},
  booktitle = {{IEEE/RSJ IROS}},
  keywords = {conference},
  pages = {4802--4809},
  title = {{Scan Context: Egocentric Spatial Descriptor for Place Recognition Within 3D Point Cloud Map}},
  year = {2018},
}

@article{soria2022swarms,
  author = {Soria, Enrica and Schiano, Fabrizio and Floreano, Dario},
  journal = {IEEE Robotics and Automation Letters},
  keywords = {journal, citation, petracek2020swarms},
  number = {1},
  pages = {73--80},
  title = {{Distributed Predictive Drone Swarms in Cluttered Environments}},
  volume = {7},
  year = {2022},
}

@article{saber2006algorithms,
  author = {Olfati-Saber, R.},
  journal = {IEEE Transactions on Automatic Control},
  keywords = {swarms},
  number = {3},
  pages = {401--420},
  title = {{Flocking for multi-agent dynamic systems: algorithms and theory}},
  volume = {51},
  year = {2006},
}

@article{novak2021predator,
  addendum = {\textbf{IF 2.96, Q2 in Robotics}},
  author = {Novak, Filip and Walter, Viktor and \textbf{P. Petracek} and Baca, Tomas and Saska, Martin},
  journal = {Bioinspiration {\&} Biomimetics},
  keywords = {mine, third_author, phd_related, swarms, journal},
  month = nov,
  number = {6},
  pages = {066025},
  title = {{Fast collective evasion in self-localized swarms of unmanned aerial vehicles}},
  volume = {16},
  year = {2021},
}

@article{qu2021llolodometry,
  addendum = {\textbf{Preprint}},
  author = {Qu, Chao and Shivakumar, Shreyas S. and Liu, Wenxin and Taylor, Camillo Jose},
  journal = {ArXiv},
  title = {{LLOL: Low-Latency Odometry for Spinning Lidars}},
  volume = {abs/2110.01725},
  year = {2021},
}

@inproceedings{zhang2016degeneracy,
  author = {Zhang, Ji and Kaess, Michael and Singh, Sanjiv},
  booktitle = {{IEEE ICRA}},
  keywords = {conference},
  pages = {809--816},
  title = {{On degeneracy of optimization-based state estimation problems}},
  year = {2016},
}

@article{burkle2010swarms,
  author = {Burkle, Axel and Segor, Florian and Kollmann, Matthias},
  journal = {Journal of Intelligent \& Robotic Systems},
  keywords = {swarms},
  pages = {339--353},
  title = {{Towards Autonomous Micro UAV Swarms}},
  volume = {61},
  year = {2011},
}

@article{mattei2021flightsafety,
  addendum = {\textbf{Not indexed in WoS yet.}},
  author = {Mattei, A. and Orbital, E. and Toledo, C. and Arantes, J. and Trindade, O.},
  journal = {Intelligent Information Management},
  keywords = {journal, citation, petracek2020swarms},
  pages = {97--123},
  title = {{Unmanned Aerial Vehicles Flight Safety Improvement Using In-Flight Awareness}},
  volume = {{13}},
  year = {2021},
}

@article{zhang2018lvislam,
  author = {Zhang, Ji and Singh, Sanjiv},
  journal = {Journal of Field Robotics},
  keywords = {slam,journal},
  month = 8,
  number = {8},
  pages = {1242--1264},
  title = {{Laser-visual-inertial Odometry and Mapping with High Robustness and Low Drift}},
  volume = {35},
  year = {2018},
}

@article{nguyen2021viralslam,
  addendum = {\textbf{Preprint}},
  author = {Nguyen, Thien-Minh and Yuan, Shenghai and Cao, Muqing and Nguyen, Thien Hoang and Xie, Lihua},
  journal = {ArXiv},
  keywords = {slam,preprint},
  title = {{VIRAL SLAM: Tightly Coupled Camera-IMU-UWB-Lidar SLAM}},
  volume = {abs/2105.03296},
  year = {2021},
}

@article{qi2022obstacleavoidance,
  addendum = {\textbf{Not indexed in WoS yet.}},
  author = {Qi, Juntong and Guo, Jinjin and Wang, Mingming and Wu, Chong and Ma, Zhenwei},
  journal = {IEEE Robotics and Automation Letters},
  keywords = {swarms,citation,petracek2020swarms},
  number = {2},
  pages = {1713--1720},
  title = {{Formation Tracking and Obstacle Avoidance for Multiple Quadrotors With Static and Dynamic Obstacles}},
  volume = {7},
  year = {2022},
}

@article{carrio2020detection,
  author = {Carrio, Adrian and Tordesillas, Jesus and Vemprala, Sai and Saripalli, Srikanth and Campoy, Pascual and How, Jonathan P.},
  journal = {IEEE Access},
  keywords = {swarms},
  pages = {30480-30490},
  title = {{Onboard Detection and Localization of Drones Using Depth Maps}},
  volume = {8},
  year = {2020},
}

@article{petracek2020dronument,
  addendum = {\textbf{IF 3.74, Q2 in Robotics}},
  author = {\textbf{P. Petracek} and Kratky, V. and Saska, M.},
  journal = {IEEE Robotics and Automation Letters},
  keywords = {mine, first_author, journal, core, phd_related, dronument},
  month = 4,
  number = {2},
  pages = {2078--2085},
  title = {{Dronument: System for Reliable Deployment of Micro Aerial Vehicles in Dark Areas of Large Historical Monuments}},
  volume = {5},
  year = {2020},
}

@article{niarchos2022journalism,
  addendum = {\textbf{Not indexed in WoS yet.}},
  author = {Niarchos, Michail and Stamatiadou, Marina Eirini and Dimoulas, Charalampos and Veglis, Andreas and Symeonidis, Andreas},
  journal = {Future Internet},
  keywords = {citation,petracek2020dronument},
  number = {1},
  title = {{A Semantic Preprocessing Framework for Breaking News Detection to Support Future Drone Journalism Services}},
  volume = {14},
  year = {2022},
}

@article{chang2022lamp2,
  author = {Chang, Yun and Ebadi, Kamak and Denniston, Christopher and Ginting, Muhammad and Rosinol, Antoni and Reinke, Andrzej and Palieri, Matteo and Shi, Jingnan and Chatterjee, Arghya and Morrell, Benjamin and Agha-mohammadi, Ali-akbar and Carlone, Luca},
  keywords = {citation,kratky2021darpa,darpa},
  month = 05,
  title = {{LAMP 2.0: A Robust Multi-Robot SLAM System for Operation in Challenging Large-Scale Underground Environments}},
  year = {2022},
}

@inproceedings{nageli2014formation,
  author = {Nageli, Tobias and Conte, Christian and Domahidi, Alexander and Morari, Manfred and Hilliges, Otmar},
  booktitle = {{IEEE/RSJ IROS}},
  keywords = {swarms},
  pages = {1141--1146},
  title = {{Environment-independent formation flight for micro aerial vehicles}},
  year = {2014},
}

@article{wang2021liocsi,
  author = {Wang, Gang and Gao, Sai and Ding, Han and Zhang, Hao and Cai, Hongmin},
  journal = {PLoS ONE},
  keywords = {slam,journal},
  title = {{LIO-CSI: LiDAR inertial odometry with loop closure combined with semantic information}},
  volume = {16},
  year = {2021},
}

@article{petracek2020swarms,
  addendum = {\textbf{IF 2.96, Q2 in Robotics}},
  author = {\textbf{P. Petracek} and Walter, Viktor and Baca, Tomas and Saska, Martin},
  journal = {Bioinspiration {\&} Biomimetics},
  keywords = {mine, first_author, journal, core, phd_related, swarms},
  month = dec,
  number = {2},
  pages = {026009},
  title = {{Bio-inspired compact swarms of unmanned aerial vehicles without communication and external localization}},
  volume = {16},
  year = {2020},
}

@article{wang2021floam,
  author = {Wang, Han and Wang, Chen and Chen, Chun-Lin and Xie, Lihua},
  journal = {IEEE/RSJ IROS},
  keywords = {slam,conference},
  pages = {4390--4396},
  title = {{F-LOAM : Fast LiDAR Odometry and Mapping}},
  year = {2021},
}

@article{ozaslan2017inspection,
  author = {Özaslan, Tolga and Loianno, Giuseppe and Keller, James and Taylor, Camillo J. and Kumar, Vijay and Wozencraft, Jennifer M. and Hood, Thomas},
  journal = {IEEE Robotics and Automation Letters},
  keywords = {inspection,journal},
  number = {3},
  pages = {1740--1747},
  title = {{Autonomous Navigation and Mapping for Inspection of Penstocks and Tunnels With MAVs}},
  volume = {2},
  year = {2017},
}

@article{shan2021lvisam,
  author = {Shan, Tixiao and Englot, Brendan and Ratti, Carlo and Rus, Daniela},
  journal = {IEEE ICRA},
  keywords = {slam,conference},
  pages = {5692--5698},
  title = {{LVI-SAM: Tightly-coupled Lidar-Visual-Inertial Odometry via Smoothing and Mapping}},
  year = {2021},
}

