@inproceedings{ahmad2021AutonomousAerialSwarminga,
  title = {Autonomous {{Aerial Swarming}} in {{GNSS-denied Environments}} with {{High Obstacle Density}}},
  booktitle = {2021 {{IEEE International Conference}} on {{Robotics}} and {{Automation}} ({{ICRA}})},
  author = {Ahmad, Afzal and Walter, Viktor and Petr{\'a}{\v c}ek, Pavel and Petrl{\'i}k, Mat{\v e}j and B{\'a}{\v c}a, Tom{\'a}{\v s} and {\v Z}aitl{\'i}k, David and Saska, Martin},
  year = {2021},
  month = may,
  pages = {570--576},
  issn = {2577-087X},
  doi = {10.1109/ICRA48506.2021.9561284},
  keywords = {Aerial Systems: Perception and Autonomy,conference,Conferences,Field Robotics,Forestry,Global navigation satellite system,Green products,Location awareness,mine,Multi-Robot Systems,Navigation,Robot sensing systems}
}

@inproceedings{amorim2021SelfOrganizedUAVFlockinga,
  title = {Self-{{Organized UAV Flocking Based}} on {{Proximal Control}}},
  booktitle = {2021 {{International Conference}} on {{Unmanned Aircraft Systems}} ({{ICUAS}})},
  author = {Amorim, Thulio and Nascimento, Tiago and Petracek, Pavel and {de Masi}, Giulia and Ferrante, Eliseo and Saska, Martin},
  year = {2021},
  month = jun,
  pages = {1374--1382},
  issn = {2575-7296},
  doi = {10.1109/ICUAS51884.2021.9476847},
  keywords = {conference,flocking,Location awareness,Micro aerial vehicles,mine,Performance evaluation,Robot sensing systems,self-organization,Sensors,Steady-state,swarm robotics,unmanned aerial vehicles,Unmanned aerial vehicles,Visualization}
}

@misc{ebadi2022PresentFutureSLAMa,
  title = {Present and {{Future}} of {{SLAM}} in {{Extreme Underground Environments}}},
  author = {Ebadi, Kamak and Bernreiter, Lukas and Biggie, Harel and Catt, Gavin and Chang, Yun and Chatterjee, Arghya and Denniston, Christopher E. and Desch{\^e}nes, Simon-Pierre and Harlow, Kyle and Khattak, Shehryar and Nogueira, Lucas and Palieri, Matteo and Petr{\'a}{\v c}ek, Pavel and Petrl{\'i}k, Mat{\v e}j and Reinke, Andrzej and Kr{\'a}tk{\'y}, V{\'i}t and Zhao, Shibo and {Agha-mohammadi}, Ali-akbar and Alexis, Kostas and Heckman, Christoffer and Khosoussi, Kasra and Kottege, Navinda and Morrell, Benjamin and Hutter, Marco and Pauling, Fred and Pomerleau, Fran{\c c}ois and Saska, Martin and Scherer, Sebastian and Siegwart, Roland and Williams, Jason L. and Carlone, Luca},
  year = {2022},
  month = aug,
  number = {arXiv:2208.01787},
  eprint = {2208.01787},
  publisher = {{arXiv}},
  doi = {10.48550/arXiv.2208.01787},
  keywords = {mine,preprint}
}

@inproceedings{hert2022MRSModularUAVa,
  title = {{{MRS Modular UAV Hardware Platforms}} for {{Supporting Research}} in {{Real-World Outdoor}} and {{Indoor Environments}}},
  booktitle = {2022 {{International Conference}} on {{Unmanned Aircraft Systems}} ({{ICUAS}})},
  author = {Hert, Daniel and Baca, Tomas and Petracek, Pavel and Kratky, Vit and Spurny, Vojtech and Petrlik, Matej and Vrba, Matous and Zaitlik, David and Stoudek, Pavel and Walter, Viktor and Stepan, Petr and Horyna, Jiri and Pritzl, Vaclav and Silano, Giuseppe and Bonilla Licea, Daniel and Stibinger, Petr and Penicka, Robert and Nascimento, Tiago and Saska, Martin},
  year = {2022},
  month = jun,
  pages = {1264--1273},
  issn = {2575-7296},
  doi = {10.1109/ICUAS54217.2022.9836083},
  keywords = {Actuators,Autonomous aerial vehicles,Buildings,conference,Hardware,Indoor environment,mine,Robot sensing systems,Vehicle dynamics}
}

@article{kratky2020AutonomousReflectanceTransformationa,
  title = {Autonomous {{Reflectance Transformation Imaging}} by a {{Team}} of {{Unmanned Aerial Vehicles}}},
  author = {Kr{\'a}tk{\'y}, V{\'i}t and Petr{\'a}{\v c}ek, Pavel and Spurn{\'y}, Vojt{\v e}ch and Saska, Martin},
  year = {2020},
  month = apr,
  journal = {IEEE Robotics and Automation Letters},
  volume = {5},
  number = {2},
  pages = {2302--2309},
  issn = {2377-3766},
  doi = {10.1109/LRA.2020.2970646},
  keywords = {Aerial systems: applications,Buildings,Cameras,Cooperating robots,Documentation,Image color analysis,journal,Light sources,Lighting,mine,Multi-robot systems,second author}
}

@article{kratky2021AutonomousUnmannedAeriala,
  title = {An Autonomous Unmanned Aerial Vehicle System for Fast Exploration of Large Complex Indoor Environments},
  author = {Kr{\'a}tk{\'y}, V{\'i}t and Petr{\'a}{\v c}ek, Pavel and B{\'a}{\v c}a, Tom{\'a}{\v s} and Saska, Martin},
  year = {2021},
  journal = {Journal of Field Robotics},
  volume = {38},
  number = {8},
  pages = {1036--1058},
  issn = {1556-4967},
  doi = {10.1002/rob.22021},
  copyright = {\textcopyright{} 2021 Wiley Periodicals LLC},
  keywords = {journal,mine,second author}
}

@article{kratky2021SafeDocumentationHistoricala,
  title = {Safe {{Documentation}} of {{Historical Monuments}} by an {{Autonomous Unmanned Aerial Vehicle}}},
  author = {Kr{\'a}tk{\'y}, V{\'i}t and Petr{\'a}{\v c}ek, Pavel and Nascimento, Tiago and {\v C}adilov{\'a}, Michaela and {\v S}kobrtal, Milan and Stoudek, Pavel and Saska, Martin},
  year = {2021},
  month = nov,
  journal = {ISPRS International Journal of Geo-Information},
  volume = {10},
  number = {11},
  pages = {738},
  publisher = {{Multidisciplinary Digital Publishing Institute}},
  issn = {2220-9964},
  doi = {10.3390/ijgi10110738},
  copyright = {http://creativecommons.org/licenses/by/3.0/},
  keywords = {autonomous system,cultural heritage conservation,historical monuments documentation,journal,mine,multi-rotor aerial vehicles}
}

@article{manoni2022AdaptiveArbitrationAeriala,
  title = {Adaptive Arbitration of Aerial Swarm Interactions through a {{Gaussian}} Kernel for Coherent Group Motion},
  author = {Manoni, Tiziano and Albani, Dario and Horyna, Jiri and Petracek, Pavel and Saska, Martin and Ferrante, Eliseo},
  year = {2022},
  journal = {Frontiers in Robotics and AI},
  volume = {9},
  issn = {2296-9144},
  keywords = {journal,mine}
}

@article{novak2021FastCollectiveEvasiona,
  title = {Fast Collective Evasion in Self-Localized Swarms of Unmanned Aerial Vehicles},
  author={Nov{\'a}k, Filip and Walter, Viktor and Petr{\'a}{\v c}ek, Pavel and B{\'a}{\v c}a, Tom{\'a}{\v s} and Saska, Martin},
  year = {2021},
  month = nov,
  journal = {Bioinspiration \& Biomimetics},
  volume = {16},
  number = {6},
  pages = {066025},
  publisher = {{IOP Publishing}},
  issn = {1748-3190},
  doi = {10.1088/1748-3190/ac3060},
  keywords = {journal,mine,third author}
}

@article{petracek2020BioinspiredCompactSwarms,
  title = {Bio-Inspired Compact Swarms of Unmanned Aerial Vehicles without Communication and External Localization},
  author = {Petr{\'a}{\v c}ek, Pavel and Walter, Viktor and B{\'a}{\v c}a, Tom{\'a}{\v s} and Saska, Martin},
  year = {2020},
  month = dec,
  journal = {Bioinspiration \& Biomimetics},
  volume = {16},
  number = {2},
  pages = {026009},
  publisher = {{IOP Publishing}},
  issn = {1748-3190},
  doi = {10.1088/1748-3190/abc6b3},
  keywords = {first author,journal,mine}
}

@article{petracek2020DronumentSystemReliablea,
  title = {Dronument: {{System}} for {{Reliable Deployment}} of {{Micro Aerial Vehicles}} in {{Dark Areas}} of {{Large Historical Monuments}}},
  author = {Petr{\'a}{\v c}ek, Pavel and Kr{\'a}tk{\'y}, V{\'i}t and Saska, Martin},
  year = {2020},
  month = apr,
  journal = {IEEE Robotics and Automation Letters},
  volume = {5},
  number = {2},
  pages = {2078--2085},
  issn = {2377-3766},
  doi = {10.1109/LRA.2020.2969935},
  keywords = {Aerial systems: applications,Aerial systems: perception and autonomy,Cameras,Documentation,first author,Global navigation satellite system,journal,Lighting,Localization,mine,Reliability,Simultaneous localization and mapping,Task analysis}
}

@article{petracek2021LargeScaleExplorationCavea,
  title = {Large-{{Scale Exploration}} of {{Cave Environments}} by {{Unmanned Aerial Vehicles}}},
  author = {Petr{\'a}{\v c}ek, Pavel and Kr{\'a}tk{\'y}, V{\'i}t and Petrl{\'i}k, Mat{\v e}j and B{\'a}{\v c}a, Tom{\'a}{\v s} and Kratochv{\'i}l, Radim and Saska, Martin},
  year = {2021},
  month = oct,
  journal = {IEEE Robotics and Automation Letters},
  volume = {6},
  number = {4},
  pages = {7596--7603},
  issn = {2377-3766},
  doi = {10.1109/LRA.2021.3098304},
  keywords = {Aerial systems: applications,aerial systems: perception and autonomy,Cameras,field robots,first author,journal,Laser radar,Location awareness,mapping,mine,multi-robot systems,Robot kinematics,Robots,Unmanned aerial vehicles,Visualization}
}

@article{petracek2023NewEraCulturala,
  title = {New {{Era}} in {{Cultural Heritage Preservation}}: {{Cooperative Aerial Autonomy}}: {{Supervised Autonomy}} for {{Fast Digitalization}} of {{Difficult-to-Access Interiors}} of {{Historical Monuments}}},
  author = {Petracek, Pavel and Kratky, Vit and Baca, Tomas and Petrlik, Matej and Saska, Martin},
  year = {2023},
  journal = {IEEE Robotics \& Automation Magazine},
  pages = {2--19},
  issn = {1558-223X},
  doi = {10.1109/MRA.2023.3244423},
  keywords = {first author,journal,mine}
}

@misc{petrlik2022UAVsSurfaceCooperative,
  title = {{{UAVs Beneath}} the {{Surface}}: {{Cooperative Autonomy}} for {{Subterranean Search}} and {{Rescue}} in {{DARPA SubT}}},
  author = {Petrlik, Matej and Petracek, Pavel and Kratky, Vit and Musil, Tomas and Stasinchuk, Yurii and Vrba, Matous and Baca, Tomas and Hert, Daniel and Pecka, Martin and Svoboda, Tomas and Saska, Martin},
  year = {2022},
  month = jun,
  number = {arXiv:2206.08185},
  eprint = {2206.08185},
  publisher = {{arXiv}},
  keywords = {darpa,gacr\_20-29531S,journal,mine,naki,preprint,rci,sgs20,tacr\_FW01010317}
}

@article{prihodova20232022IEEERobotics,
  title = {2022 {{IEEE Robotics}} and {{Automation Society Summer School}} on {{Multi-Robot Systems}} in {{Prague}} [{{Education}}]},
  author = {P{\v r}{\'i}hodov{\'a}, Tat'{\'a}na and Silano, Giuseppe and Ahmad, Afzal and Kr{\'a}tk{\'y}, V{\'i}t and B{\'a}{\v c}a, Tom{\'a}{\v s} and Petr{\'a}{\v c}ek, Pavel and Saskov{\'a}, V{\v e}ra and Bedn{\'a}{\v r}, Jan and Saska, Martin},
  year = {2023},
  month = mar,
  journal = {IEEE Robotics \& Automation Magazine},
  volume = {30},
  number = {1},
  pages = {104--106},
  issn = {1558-223X},
  doi = {10.1109/MRA.2023.3238213},
  keywords = {journal,mine}
}

@article{roucek2022SystemMultiroboticExplorationa,
  title = {System for Multi-Robotic Exploration of Underground Environments {{CTU-CRAS-NORLAB}} in the {{DARPA Subterranean Challenge}}},
  author = {Rou{\v c}ek, Tom{\'a}{\v s} and Pecka, Martin and {\v C}{\'i}{\v z}ek, Petr and Pet{\v r}{\'i}{\v c}ek, Tom{\'a}{\v s} and Bayer, Jan and {\v S}alansk{\'y}, Vojt{\v e}ch and Azayev, Teymur and He{\v r}t, Daniel and Petrl{\'i}k, Mat{\v e}j and B{\'a}{\v c}a, Tom{\'a}{\v s} and Spurn{\'y}, Vojtech and Kr{\'a}tk{\'y}, V{\'i}t and Petr{\'a}{\v c}ek, Pavel and Baril, Dominic and Vaidis, Maxime and Kubelka, Vladim{\'i}r and Pomerleau, Fran{\c c}ois and Faigl, Jan and Zimmermann, Karel and Saska, Martin and Svoboda, Tom{\'a}{\v s} and Krajn{\'i}k, Tom{\'a}{\v s}},
  year = {2022},
  month = mar,
  journal = {Field Robotics},
  volume = {2},
  number = {1},
  pages = {1779--1818},
  issn = {27713989},
  doi = {10.55417/fr.2022055},
  keywords = {darpa,exploration,gacr\_20-10280S,journal,mine,planning}
}
